@Article{Abdollahi2018RewritableAP,
 author = {A. Abdollahi and Keyvan Sahandi-Zangabad and H. Roghani‐Mamaqani},
 booktitle = {ACS Applied Materials and Interfaces},
 journal = {ACS applied materials & interfaces},
 pages = {
          39279-39292
        },
 title = {Rewritable Anticounterfeiting Polymer Inks Based on Functionalized Stimuli-Responsive Latex Particles Containing Spiropyran Photoswitches: Reversible Photopatterning and Security Marking.},
 volume = {10 45},
 year = {2018}
}


@Article{Shahinuzzaman2020InVA,
 author = {M. Shahinuzzaman and Z. Yaakob and F. Anuar and P. Akhtar and N. A. Kadir and A. Hasan and K. Sobayel and M. Nour and H. Sindi and N. Amin and K. Sopian and M. Akhtaruzzaman and M. Akhtaruzzaman},
 booktitle = {Scientific Reports},
 journal = {Scientific Reports},
 title = {In vitro antioxidant activity of Ficus carica L. latex from 18 different cultivars},
 volume = {10},
 year = {2020}
}


@Article{Zheng2022DesignOQ,
 author = {Jingyao Zheng and M. Woźniak},
 booktitle = {Journal on spesial topics in mobile networks and applications},
 journal = {Mobile Networks and Applications},
 pages = {2524 - 2533},
 title = {Design of Quick Search Method for Key Feature Images in Mobile Networks},
 volume = {27},
 year = {2022}
}


