@article{test,
    title = {Mr. Mehedi Hasan, Miss saida rahman},
    journaltitle = {journaltitle},
    author = {No Author},
    year = {2024},

}
@book{bookBib,
    title = {ungaBungaBook},
    author = {Pikachu},
    year = {2050},

}